<?xml version="1.0" encoding="UTF-8"?><collection xmlns="http://www.loc.gov/MARC21/slim"><record><leader>00586nam--2200193-i-4500</leader><controlfield tag="001">000009345</controlfield><controlfield tag="002">20161230</controlfield><controlfield tag="005">20161230201028</controlfield><controlfield tag="008">060222s1000------------r-----000-0-eng-d</controlfield><datafield ind1=" " ind2=" " tag="040"><subfield code="a">IFIN-HH</subfield></datafield><datafield ind1=" " ind2=" " tag="080"><subfield code="a">539</subfield></datafield><datafield ind1="1" ind2=" " tag="100"><subfield code="a">Sinanoglu, Oktay</subfield></datafield><datafield ind1="1" ind2="0" tag="245"><subfield code="a">Three approaches to electron correlation in atoms</subfield><subfield code="b">A chemistry-physics interface</subfield><subfield code="c">Oktay sinanoglu, keith a. brueckner</subfield></datafield><datafield ind1=" " ind2=" " tag="260"><subfield code="a">New Haven</subfield><subfield code="b">Yale University Press</subfield><subfield code="c">1970</subfield></datafield><datafield ind1=" " ind2=" " tag="300"><subfield code="a">IX + 388 P</subfield></datafield><datafield ind1=" " ind2=" " tag="490"><subfield code="a">Yale Series In The Sciences</subfield></datafield><datafield ind1="1" ind2=" " tag="700"><subfield code="a">Brueckner, Keith A</subfield></datafield><datafield ind1=" " ind2=" " tag="852"><subfield code="a">33081</subfield><subfield code="c">539</subfield></datafield><datafield ind1=" " ind2=" " tag="CAT"><subfield code="a">Sys</subfield><subfield code="c">20111006</subfield><subfield code="h">110115</subfield></datafield></record></collection>